<?xml version="1.0" encoding="UTF-8"?><collection xmlns="http://www.loc.gov/MARC21/slim"><record><leader>00366nam--2200145-i-4500</leader><controlfield tag="001">000004287</controlfield><controlfield tag="002">20161230</controlfield><controlfield tag="005">20170306231413</controlfield><controlfield tag="008">060222s1000------------r-----000-0-eng-d</controlfield><datafield ind1=" " ind2=" " tag="100"><subfield code="a">Bonnemay, Maurice</subfield></datafield><datafield ind1=" " ind2=" " tag="245"><subfield code="a">Les colloides</subfield></datafield><datafield ind1=" " ind2=" " tag="260"><subfield code="a">Paris</subfield><subfield code="b">Presses Universitaires De France</subfield><subfield code="c">1957</subfield></datafield><datafield ind1=" " ind2=" " tag="300"><subfield code="a">126 p</subfield></datafield><datafield ind1=" " ind2=" " tag="490"><subfield code="a">(Que Sais-je?)</subfield></datafield><datafield ind1=" " ind2=" " tag="CAT"><subfield code="a">SYS</subfield><subfield code="c">20170306</subfield><subfield code="h">231413</subfield></datafield></record></collection>